<?xml version="1.0" encoding="UTF-8"?>
<collection xmlns:xsi="http://www.w3.org/2001/XMLSchema-instance" xsi:schemaLocation="http://www.loc.gov/MARC21/slim http://www.loc.gov/standards/marcxml/schema/MARC21slim.xsd" xmlns="http://www.loc.gov/MARC21/slim">
<record>
  <leader>00851cam a2200229M  4500</leader>
  <controlfield tag="001">4844462</controlfield>
  <controlfield tag="003">NNC</controlfield>
  <controlfield tag="005">20130501012523.0</controlfield>
  <controlfield tag="008">890828s1932    le            000 0 fre d</controlfield>
  <datafield tag="035" ind1=" " ind2=" ">
    <subfield code="a">(OCoLC)ocm23401474</subfield>
  </datafield>
  <datafield tag="035" ind1=" " ind2=" ">
    <subfield code="a">(NNC)4844462</subfield>
  </datafield>
  <datafield tag="040" ind1=" " ind2=" ">
    <subfield code="a">EYM</subfield>
    <subfield code="c">EYM</subfield>
    <subfield code="d">OCLCQ</subfield>
    <subfield code="d">ZCU</subfield>
  </datafield>
  <datafield tag="099" ind1=" " ind2=" ">
    <subfield code="a">893.78</subfield>
    <subfield code="a">B472 t.4</subfield>
  </datafield>
  <datafield tag="100" ind1="0" ind2=" ">
    <subfield code="a">Averroës,</subfield>
    <subfield code="d">1126-1198.</subfield>
  </datafield>
  <datafield tag="245" ind1="1" ind2="0">
    <subfield code="a">Talkhiq loitāb al-maqoūlāt.</subfield>
    <subfield code="b">Texte arabe inédit publié avec une recension nouvelle du Kitāb al-maqoūlāt (Catégories) d'Aristote</subfield>
    <subfield code="c">par Maurice Bouyges.</subfield>
  </datafield>
  <datafield tag="260" ind1=" " ind2=" ">
    <subfield code="a">Beyrouth,</subfield>
    <subfield code="b">Impr. catholique,</subfield>
    <subfield code="c">1932.</subfield>
  </datafield>
  <datafield tag="300" ind1=" " ind2=" ">
    <subfield code="a">xl, 183 p.</subfield>
    <subfield code="c">25 cm.</subfield>
  </datafield>
  <datafield tag="490" ind1="1" ind2=" ">
    <subfield code="a">Bibliotheca Arabica scholasticorum. Série arabe ;</subfield>
    <subfield code="v">t. 4</subfield>
  </datafield>
  <datafield tag="600" ind1="0" ind2="0">
    <subfield code="a">Aristotle.</subfield>
    <subfield code="t">Categoriae.</subfield>
  </datafield>
  <datafield tag="700" ind1="1" ind2=" ">
    <subfield code="a">Bouyges, Maurice,</subfield>
    <subfield code="e">editor.</subfield>
  </datafield>
  <datafield tag="830" ind1=" " ind2="0">
    <subfield code="a">Bibliotheca Arabica scholasticorum.</subfield>
    <subfield code="p">Série arabe ;</subfield>
    <subfield code="v">t. 4.</subfield>
  </datafield>
  <datafield tag="955" ind1=" " ind2=" ">
    <subfield code="b">0111783532</subfield>
    <subfield code="d">glx</subfield>
    <subfield code="e">893.78 B472 t.4</subfield>
  </datafield>
</record>
</collection>